@online{unknown-author-no-date,
	language = {english},
	title = {source code A-Line Dress by Quintessenz},
	url = {https://www.redbubble.com/i/dress/source-code-by-Quintessenz/31684789.V4WQ8},
	urldate = {2022-05-28},
}
@book{martin-2008,
	author = {given-i=R., given=Robert, family=Martin},
	date = {2008},
	edition = {1},
	language = {german},
	publisher = {Prentice Hall},
	title = {Clean Code: A Handbook of Agile Software Craftsmanship (Robert C. Martin)},
}
@online{benson-2022,
	author = {given-i={N. B.}, given=NikBenson, family=Benson},
	date = {2022},
	language = {english},
	title = {GitHub - NikBenson/CCD: Clean Code Development},
	url = {https://github.com/NikBenson/CCD},
	urldate = {2022-05-29},
}